@inproceedings{CrescenziKann1997,
author="Crescenzi, Pierluigi and Kann, Viggo",
title={Approximation on the Web: A Compendium of NP Optimization Problems.},
booktitle={RANDOM'97},
pages={111-118},
year=1997
}

@book{ShiraliVasudeva2005,
  Title                    = {Metric Spaces},
  Annote                   = {SIGNATUR = 788.382},
  Author                   = {Satish Shirali and Harkrishan L. Vasudeva},
  Keywords                 = {FUNDAMENTALS mathematics},
  Publisher                = {Springer},
  Year                     = {2005},
 
  
}

@article{Narboneta15,
  title={Implementation of Multimodal Public Transportation Route Planner for Metro Manila},
  author={Narboneta, Chelcie and Teknomo, Kardi M},
  journal={Journal in Urban and Regional Planning},
  volume={2},
  number={1},
  pages={9--17},
  year={2015}
}

@article{Narboneta16,
 author={NARBONETA, Chelcie and TEKNOMO, Kardi},
 title={A Study of Metro Manila's Public Transportation Sector: Implementing a Multimodal Public Transportation Route Planner},
 journal={Asian Transport Studies},
 volume={4},
 number={2},
 pages={460--477},
 year={2016},
 publisher={Eastern Asia Society for Transportation Studies}
};

@misc{Lagua19,
  author={LAGUA, Benel},
  title={A Study of Metro Manila's Public Transportation Sector: Implementing a Multimodal Public Transportation Route Planner},
  url={https://www.bworldonline.com/editors-picks/2019/04/26/227410/
       the-need-to-own-cars/},
  urldate = {2023-10-09},
  year={2019},
  publisher={BusinessWorld Publishing}
};

@book{Litman17,
  author={Litman, Todd},
  title={Introduction to multi-modal transportation planning},
  year={2017},
  publisher={Victoria Transport Policy Institute Canada}
};

@inproceedings{RamizoJr19,
  title={Comparing conventional public transport to ride-hailing apps: A snapshot of user experiences from Metro Manila},
  author={Ramizo Jr., Godofredo},
  year={2019/11},
  booktitle={Proceedings of the 2nd International Conference on Strategic and Global Studies (ICSGS 2018)},
  pages={155-161},
  issn={2352-5398},
  isbn={978-94-6252-833-8},
  url={https://doi.org/10.2991/icsgs-18.2019.21},
  doi={10.2991/icsgs-18.2019.21},
  publisher={Atlantis Press}
};

@article{Mayo20,
  author = {Mayo, Francis and Taboada, Evelyn},
  title = {Ranking factors affecting public transport mode choice of commuters in an urban city of a developing country using analytic hierarchy process: The case of Metro Cebu, Philippines},
  journal = {Transportation Research Interdisciplinary Perspectives},
  volume = {4},
  pages = {100078},
  year = {2020},
  issn = {2590-1982},
  doi = {https://doi.org/10.1016/j.trip.2019.100078},
  url = {https://www.sciencedirect.com/science/article/pii/S2590198219300776},
  keywords = {Public transportation, Analytic hierarchy process, AHP, Transport mode choice},
 };

@article{Comandao21,
  author={Comandao, Abegail and Santos, Walfredo and Velasco, Londren and Romano, Jeffrey  and Macatangga, Raymond},
  title={E-Jeep NN: An Android E-Jeep Guide App with GPS and Open Trip Planner API for the New Normal},
  journal={Innovatus},
  volume={4},
  pages={1-5},
  year={2021},
  url={https://doi.org/10.5281/zenodo.4646682},
  doi={10.5281/zenodo.4646682}
};

@article{Gkiotsalitis15,
  title={A mobile application for real-time multimodal routing under a set of usersâ€™ preferences},
  author={Gkiotsalitis, Konstantinos and Stathopoulos, Antony},
  journal={Journal of Intelligent Transportation Systems},
  volume={19},
  number={2},
  pages={149--166},
  year={2015},
  publisher={Taylor \& Francis}
};

@INPROCEEDINGS{Noreikis14,
  author={Noreikis, Marius and Butkus, Pranas and Nurminen, Jukka K.},
  booktitle={2014 IEEE 3rd International Conference on Cloud Networking (CloudNet)}, 
  title={In-vehicle application for multimodal route planning and analysis}, 
  year={2014},
  volume={},
  number={},
  pages={350-355},
  doi={10.1109/CloudNet.2014.6969020}
};

@INPROCEEDINGS{Dimokas18,
  author={Dimokas, Nikos and Kalogirou, Kostas and Spanidis, Pavlos and Kehagias, Dionysis},
  booktitle={2018 9th International Conference on Information, Intelligence, Systems and Applications (IISA)}, 
  title={A Mobile Application for Multimodal Trip Planning}, 
  year={2018},
  volume={},
  number={},
  pages={1-8},
  doi={10.1109/IISA.2018.8633665}
};

@article{Lund01,
  title={Measuring usability with the use questionnaire12},
  author={Lund, Arnold M},
  journal={Usability interface},
  volume={8},
  number={2},
  pages={3--6},
  year={2001}
}

@article{Antrim01,
  title={The many uses of GTFS data---Opening the Door to Transit and Multimodal Applications},
  author={Antrim, Aaron and Barbeau, Sean J.},
  journal={Location-Aware Information Systems Laboratory at the University of South Florida},
  volume={4},
  year={2013}
}
